<?xml version="1.0" encoding="UTF-8"?><collection xmlns="http://www.loc.gov/MARC21/slim"><record><leader>00439nam--2200157-i-4500</leader><controlfield tag="001">000041580</controlfield><controlfield tag="002">20161230</controlfield><controlfield tag="005">20161230201043</controlfield><controlfield tag="008">060222s1000------------r-----000-0-eng-d</controlfield><datafield ind1=" " ind2=" " tag="080"><subfield code="a">517.55</subfield></datafield><datafield ind1=" " ind2=" " tag="100"><subfield code="a">Sikorski,Roman</subfield></datafield><datafield ind1=" " ind2=" " tag="245"><subfield code="a">Advanced calculus. functions of several variables</subfield></datafield><datafield ind1=" " ind2=" " tag="260"><subfield code="a">Warszawa, Pollish Scientific Publ.,1969. 460 P</subfield></datafield><datafield ind1=" " ind2=" " tag="490"><subfield code="a">Monografie Mat</subfield><subfield code="v">Tom 51</subfield></datafield><datafield ind1=" " ind2=" " tag="852"><subfield code="a">32215</subfield><subfield code="c">517.55</subfield></datafield><datafield ind1=" " ind2=" " tag="CAT"><subfield code="a">Sys</subfield><subfield code="c">20080819</subfield><subfield code="h">121058</subfield></datafield></record></collection>